% https://ml-cheatsheet.readthedocs.io/en/latest/linear_regression.html

% https://play.typeracer.com

% https://brilliant.org/wiki/machine-learning/

% https://brilliant.org/wiki/partial-derivatives/

% https://www.kaufmann.no/roland/dvorak/

% https://matplotlib.org

% https://developers.google.com/machine-learning/crash-course